@book{Kauranen,
    author = {I Kauranen and M Mustakallio and V Palmgren},
	title = {Tutkimusraportin kirjoittamisen opas opinnäytetyön tekijöille.},
    address = {Espoo, Teknillinen korkeakoulu},
	year = {2006}
}
